@book{Goodfellow-et-al-2016,
    title={Deep Learning},
    author={Ian Goodfellow and Yoshua Bengio and Aaron Courville},
    publisher={MIT Press},
    note={\url{http://www.deeplearningbook.org}},
    year={2016}
}

@misc{Ng-2011,
  author        = {Andrew Ng},
  title         = {CS294A Lecture notes, Sparse Autoencoders},
  year          = {2011},
  publisher={Stanford}
}

@inproceedings{ranzato-2007,
title = "Efficient learning of sparse representations with an energy-based model",
author = "Ranzato, {Marc Aurelio} and Christopher Poultney and Sumit Chopra and Yann LeCun",
year = "2007",
language = "English (US)",
isbn = "9780262195683",
pages = "1137--1144",
booktitle = "Advances in Neural Information Processing Systems 19 - Proceedings of the 2006 Conference",
}

@inproceedings{Vincent-2008,
 author = {Vincent, Pascal and Larochelle, Hugo and Bengio, Yoshua and Manzagol, Pierre-Antoine},
 title = {Extracting and Composing Robust Features with Denoising Autoencoders},
 booktitle = {Proceedings of the 25th International Conference on Machine Learning},
 series = {ICML '08},
 year = {2008},
 isbn = {978-1-60558-205-4},
 location = {Helsinki, Finland},
 pages = {1096--1103},
 numpages = {8},
 url = {http://doi.acm.org/10.1145/1390156.1390294},
 doi = {10.1145/1390156.1390294},
 acmid = {1390294},
 publisher = {ACM},
 address = {New York, NY, USA},
} 

@online{toward-VAE,
  author = {Irhum Shafkat},
  title = {Intuitively Understanding Variational Autoencoders},
  year = 2018,
  url = {https://towardsdatascience.com/intuitively-understanding-variational-autoencoders-1bfe67eb5daf},
  urldate = {2018-02-04}
}

@misc{kingma2013autoencoding,
  added-at = {2018-09-01T00:55:48.000+0200},
  author = {Kingma, Diederik P and Welling, Max},
  biburl = {https://www.bibsonomy.org/bibtex/2d5418945b5a08cf2ad018a9d593364ed/gonzalob90},
  description = {[1312.6114] Auto-Encoding Variational Bayes},
  interhash = {85731e0fbdb10b8543ea9f55301b37a5},
  intrahash = {d5418945b5a08cf2ad018a9d593364ed},
  keywords = {VAE},
  note = {cite arxiv:1312.6114},
  timestamp = {2018-09-01T00:57:30.000+0200},
  title = {Auto-Encoding Variational Bayes},
  url = {http://arxiv.org/abs/1312.6114},
  year = 2013
}

@article{HintonSalakhutdinov2006b,
  added-at = {2008-07-15T10:05:18.000+0200},
  author = {Hinton, G E and Salakhutdinov, R R},
  biburl = {https://www.bibsonomy.org/bibtex/2135bbce97b449ddf5fca7be88102b53c/tmalsburg},
  description = {Reducing the dimensionality of data with neural ne...[Science. 2006] - PubMed Result},
  doi = {10.1126/science.1127647},
  interhash = {019918b82518b74f443a22dc58a0117f},
  intrahash = {135bbce97b449ddf5fca7be88102b53c},
  journal = {Science},
  keywords = {dimensionalityreduction neuralnetworks parameterestimation},
  month = Jul,
  number = 5786,
  pages = {504-507},
  pmid = {16873662},
  timestamp = {2008-07-15T10:05:18.000+0200},
  title = {Reducing the dimensionality of data with neural networks},
  url = {http://www.ncbi.nlm.nih.gov/sites/entrez?db=pubmed&uid=16873662&cmd=showdetailview&indexed=google},
  volume = 313,
  year = 2006
}

@inproceedings{Weiss2008SpectralH,
  title={Spectral Hashing},
  author={Yair Weiss and Antonio Torralba and Rob Fergus},
  booktitle={NIPS},
  year={2008}
}

@article{Salakhutdinov-2009,
 author = {Salakhutdinov, Ruslan and Hinton, Geoffrey},
 title = {Semantic Hashing},
 journal = {Int. J. Approx. Reasoning},
 issue_date = {July, 2009},
 volume = {50},
 number = {7},
 month = jul,
 year = {2009},
 issn = {0888-613X},
 pages = {969--978},
 numpages = {10},
 url = {http://dx.doi.org/10.1016/j.ijar.2008.11.006},
 doi = {10.1016/j.ijar.2008.11.006},
 acmid = {1558446},
 publisher = {Elsevier Science Inc.},
 address = {New York, NY, USA},
 keywords = {Graphical models, Information retrieval, Unsupervised learning},
} 

@inproceedings{zhou-2017,
 author = {Zhou, Chong and Paffenroth, Randy C.},
 title = {Anomaly Detection with Robust Deep Autoencoders},
 booktitle = {Proceedings of the 23rd ACM SIGKDD International Conference on Knowledge Discovery and Data Mining},
 series = {KDD '17},
 year = {2017},
 isbn = {978-1-4503-4887-4},
 location = {Halifax, NS, Canada},
 pages = {665--674},
 numpages = {10},
 url = {http://doi.acm.org/10.1145/3097983.3098052},
 doi = {10.1145/3097983.3098052},
 acmid = {3098052},
 publisher = {ACM},
 address = {New York, NY, USA},
 keywords = {anomaly detection, autoencoders, denoising, group robust deep autoencoder, robust deep autoencoders},
} 

@inproceedings{zong2018deep,
title={Deep Autoencoding Gaussian Mixture Model for Unsupervised Anomaly Detection},
author={Bo Zong and Qi Song and Martin Renqiang Min and Wei Cheng and Cristian Lumezanu and Daeki Cho and Haifeng Chen},
booktitle={International Conference on Learning Representations},
year={2018},
url={https://openreview.net/forum?id=BJJLHbb0-},
}

@inproceedings{Rifai-2011,
 author = {Rifai, Salah and Vincent, Pascal and Muller, Xavier and Glorot, Xavier and Bengio, Yoshua},
 title = {Contractive Auto-encoders: Explicit Invariance During Feature Extraction},
 booktitle = {Proceedings of the 28th International Conference on International Conference on Machine Learning},
 series = {ICML'11},
 year = {2011},
 isbn = {978-1-4503-0619-5},
 location = {Bellevue, Washington, USA},
 pages = {833--840},
 numpages = {8},
 url = {http://dl.acm.org/citation.cfm?id=3104482.3104587},
 acmid = {3104587},
 publisher = {Omnipress},
 address = {USA},
} 

@article{DilokthanakulMG16,
  author    = {Nat Dilokthanakul and
               Pedro A. M. Mediano and
               Marta Garnelo and
               Matthew C. H. Lee and
               Hugh Salimbeni and
               Kai Arulkumaran and
               Murray Shanahan},
  title     = {Deep Unsupervised Clustering with Gaussian Mixture Variational Autoencoders},
  journal   = {CoRR},
  volume    = {abs/1611.02648},
  year      = {2016},
  url       = {http://arxiv.org/abs/1611.02648},
  archivePrefix = {arXiv},
  eprint    = {1611.02648},
  timestamp = {Mon, 13 Aug 2018 16:46:56 +0200},
  biburl    = {https://dblp.org/rec/bib/journals/corr/DilokthanakulMG16},
  bibsource = {dblp computer science bibliography, https://dblp.org}
}

@inproceedings{Xie-2016,
 author = {Xie, Junyuan and Girshick, Ross and Farhadi, Ali},
 title = {Unsupervised Deep Embedding for Clustering Analysis},
 booktitle = {Proceedings of the 33rd International Conference on International Conference on Machine Learning - Volume 48},
 series = {ICML'16},
 year = {2016},
 location = {New York, NY, USA},
 pages = {478--487},
 numpages = {10},
 url = {http://dl.acm.org/citation.cfm?id=3045390.3045442},
 acmid = {3045442},
 publisher = {JMLR.org},
} 

@article{Xi-2018,
author = {Peng, Xi and Feng, Jiashi and Xiao, Shijie and Yau, Wei-Yun and Zhou, Joey and Yang, Songfan},
year = {2018},
month = {06},
pages = {1-1},
title = {Structured AutoEncoders for Subspace Clustering},
volume = {PP},
journal = {IEEE Transactions on Image Processing},
doi = {10.1109/TIP.2018.2848470}
}

@incollection{Rumelhart-1986,
 author = {Rumelhart, D. E. and Hinton, G. E. and Williams, R. J.},
 chapter = {Learning Internal Representations by Error Propagation},
 title = {Parallel Distributed Processing: Explorations in the Microstructure of Cognition, Vol. 1},
 editor = {Rumelhart, David E. and McClelland, James L. and PDP Research Group, CORPORATE},
 year = {1986},
 isbn = {0-262-68053-X},
 pages = {318--362},
 numpages = {45},
 url = {http://dl.acm.org/citation.cfm?id=104279.104293},
 acmid = {104293},
 publisher = {MIT Press},
 address = {Cambridge, MA, USA},
} 

@inproceedings{Cao-2016,
author = {Cao, Van Loi and Nicolau, Miguel and Mcdermott, James},
year = {2016},
month = {09},
pages = {717-726},
title = {A Hybrid Autoencoder and Density Estimation Model for Anomaly Detection},
volume = {9921},
isbn = {978-3-319-45822-9},
doi = {10.1007/978-3-319-45823-6_67}
}

@article{Makhzani-2015,
  author    = {Alireza Makhzani and
               Jonathon Shlens and
               Navdeep Jaitly and
               Ian J. Goodfellow},
  title     = {Adversarial Autoencoders},
  journal   = {CoRR},
  volume    = {abs/1511.05644},
  year      = {2015},
  url       = {http://arxiv.org/abs/1511.05644},
  archivePrefix = {arXiv},
  eprint    = {1511.05644},
  timestamp = {Mon, 13 Aug 2018 16:46:23 +0200},
  biburl    = {https://dblp.org/rec/bib/journals/corr/MakhzaniSJG15},
  bibsource = {dblp computer science bibliography, https://dblp.org}
}

@inproceedings{ijcai2018-374,
  title     = {Student-t Variational Autoencoder for Robust Density Estimation},
  author    = {Hiroshi Takahashi and Tomoharu Iwata and Yuki Yamanaka and Masanori Yamada and Satoshi Yagi},
  booktitle = {Proceedings of the Twenty-Seventh International Joint Conference on
               Artificial Intelligence, {IJCAI-18}},
  publisher = {International Joint Conferences on Artificial Intelligence Organization},             
  pages     = {2696--2702},
  year      = {2018},
  month     = {7},
  doi       = {10.24963/ijcai.2018/374},
  url       = {https://doi.org/10.24963/ijcai.2018/374},
}

@article{affeldt2019,
  author    = {S{\'{e}}verine Affeldt and
               Lazhar Labiod and
               Mohamed Nadif},
  title     = {Spectral Clustering via Ensemble Deep Autoencoder Learning {(SC-EDAE)}},
  journal   = {CoRR},
  volume    = {abs/1901.02291},
  year      = {2019},
  url       = {http://arxiv.org/abs/1901.02291},
  archivePrefix = {arXiv},
  eprint    = {1901.02291},
  timestamp = {Thu, 31 Jan 2019 13:52:49 +0100},
  biburl    = {https://dblp.org/rec/bib/journals/corr/abs-1901-02291},
  bibsource = {dblp computer science bibliography, https://dblp.org}
}

@book{Manning:2008:IIR:1394399,
 author = {Manning, Christopher D. and Raghavan, Prabhakar and Sch\"{u}tze, Hinrich},
 title = {Introduction to Information Retrieval},
 year = {2008},
 isbn = {0521865719, 9780521865715},
 publisher = {Cambridge University Press},
 address = {New York, NY, USA},
} 

@article{DBLP:journals/corr/KhanM13,
  author    = {Shehroz S. Khan and
               Michael G. Madden},
  title     = {One-Class Classification: Taxonomy of Study and Review of Techniques},
  journal   = {CoRR},
  volume    = {abs/1312.0049},
  year      = {2013},
  url       = {http://arxiv.org/abs/1312.0049},
  archivePrefix = {arXiv},
  eprint    = {1312.0049},
  timestamp = {Mon, 13 Aug 2018 16:49:02 +0200},
  biburl    = {https://dblp.org/rec/bib/journals/corr/KhanM13},
  bibsource = {dblp computer science bibliography, https://dblp.org}
}

@article{DBLP:journals/corr/abs-1802-06360,
  author    = {Raghavendra Chalapathy and
               Aditya Krishna Menon and
               Sanjay Chawla},
  title     = {Anomaly Detection using One-Class Neural Networks},
  journal   = {CoRR},
  volume    = {abs/1802.06360},
  year      = {2018},
  url       = {http://arxiv.org/abs/1802.06360},
  archivePrefix = {arXiv},
  eprint    = {1802.06360},
  timestamp = {Mon, 13 Aug 2018 16:47:07 +0200},
  biburl    = {https://dblp.org/rec/bib/journals/corr/abs-1802-06360},
  bibsource = {dblp computer science bibliography, https://dblp.org}
}

@article{Shaffer1995,
author = {Shaffer, Juliet},
year = {1995},
month = {01},
pages = {561-84},
title = {Multiple Hypothesis Testing},
volume = {46},
journal = {Annual Review of Psychology},
doi = {10.1146/annurev.ps.46.020195.003021}
}

@article{journals/jmlr/VincentLLBM10,
  added-at = {2019-07-10T00:00:00.000+0200},
  author = {Vincent, Pascal and Larochelle, Hugo and Lajoie, Isabelle and Bengio, Yoshua and Manzagol, Pierre-Antoine},
  biburl = {https://www.bibsonomy.org/bibtex/254cdcb8bd5402c0cdd5e7937b152f414/dblp},
  ee = {http://portal.acm.org/citation.cfm?id=1953039},
  interhash = {b9978a23b328593e295a6155f0500880},
  intrahash = {54cdcb8bd5402c0cdd5e7937b152f414},
  journal = {J. Mach. Learn. Res.},
  keywords = {dblp},
  pages = {3371-3408},
  timestamp = {2019-07-11T11:41:34.000+0200},
  title = {Stacked Denoising Autoencoders: Learning Useful Representations in a Deep Network with a Local Denoising Criterion.},
  url = {http://dblp.uni-trier.de/db/journals/jmlr/jmlr11.html#VincentLLBM10},
  volume = 11,
  year = 2010
}

@Inbook{Zimek2017,
author="Zimek, Arthur
and Schubert, Erich",
editor="Liu, Ling
and {\"O}zsu, M. Tamer",
title="Outlier Detection",
bookTitle="Encyclopedia of Database Systems",
year="2017",
publisher="Springer New York",
address="New York, NY",
pages="1--5", 
isbn="978-1-4899-7993-3",
doi="10.1007/978-1-4899-7993-3_80719-1",
url="https://doi.org/10.1007/978-1-4899-7993-3_80719-1"
}

@misc{Chandola07anomalydetection:,
    author = {Varun Chandola and Arindam Banerjee and Vipin Kumar},
    title = {Anomaly Detection: A Survey},
    year = {2007}
}

@inproceedings{An2015VariationalAB,
  title={Variational Autoencoder based Anomaly Detection using Reconstruction Probability},
  author={Jinwon An and Sungzoon Cho},
  year={2015}
}

@book{10.5555/3086742,
author = {Aggarwal, Charu C.},
title = {Outlier Analysis},
year = {2016},
isbn = {3319475770},
publisher = {Springer Publishing Company, Incorporated},
edition = {2nd}
}